@book{national1983risk,
  title={Risk assessment in the federal government: managing the process},
  author={{National Research Council (U.S.). Committee on the Institutional Means for Assessment of Risks to Public Health}},
  isbn={9780309033497},
  lccn={83080381},
  year={1983},
  publisher={National Academy Press}
}
@article{foley2010incremental,
  title={Incremental testing of the Community Multiscale Air Quality (CMAQ) modeling system version 4.7},
  author={Foley, KM and Roselle, SJ and Appel, KW and Bhave, PV and Pleim, JE and Otte, TL and Mathur, R and Sarwar, G and Young, JO and Gilliam, RC and others},
  journal={Geoscientific Model Development},
  volume={3},
  number={1},
  pages={205--226},
  year={2010}
}

@book{byun1999science,
  title={Science algorithms of the EPA Models-3 community multiscale air quality (CMAQ) modeling system},
  author={Byun, Daewon W and Ching, JKS},
  year={1999},
  publisher={US Environmental Protection Agency, Office of Research and Development Washington, DC, USA}
}

@article{rew1990netcdf,
  title={{NetCDF}: an interface for scientific data access},
  author={Rew, Russ and Davis, Glenn},
  journal={Computer Graphics and Applications, IEEE},
  volume={10},
  number={4},
  pages={76--82},
  year={1990},
  publisher={IEEE}
}

@article{Ashok2013,
title = "Development of a response surface model of aviation’s air quality impacts in the {United States} ",
journal = "Atmospheric Environment ",
year = "2013",
note = "In Press",
doi = "10.1016/j.atmosenv.2013.05.023",
author = "Akshay Ashok and In Hwan Lee and Saravanan Arunachalam and Ian A. Waitz and Steve H.L. Yim and Steven R.H. Barrett",

}

@misc{RSM2012,
  title={{Response Surface Model} ({RSM}) v.3: {CMAQ} Performance Evaluation and Hypotheses Test Results},
  author={Lee, Kevin and Ashok, Akshay and Yim, Steve and Barrett, Steven},
  year={2012},
  month={June}
}

@article{napelenok2006decoupled,
  title={Decoupled direct {3D} sensitivity analysis for particulate matter ({DDM-3D/PM})},
  author={Napelenok, Sergey L and Cohan, Daniel S and Hu, Yongtao and Russell, Armistead G},
  journal={Atmospheric Environment},
  volume={40},
  number={32},
  pages={6112--6121},
  year={2006},
  publisher={Elsevier}
}

@article{napelenok2008extension,
  title={Extension and evaluation of sensitivity analysis capabilities in a photochemical model},
  author={Napelenok, SL and Cohan, Daniel S and Odman, MT and Tonse, S},
  journal={Environmental Modelling \& Software},
  volume={23},
  number={8},
  pages={994--999},
  year={2008},
  publisher={Elsevier}
}

@article{arunachalam2011effect,
  title={Effect of chemistry-transport model scale and resolution on population exposure to {PM2.5} from aircraft emissions during landing and takeoff},
  author={Arunachalam, Saravanan and Wang, Binyu and Davis, Neil and Baek, Bok Haeng and Levy, Jonathan I},
  journal={Atmospheric Environment},
  volume={45},
  number={19},
  pages={3294--3300},
  year={2011},
  publisher={Elsevier}
}

@Article{epa2012pm25,
author = {{U.S. EPA}},
title = {{PM}$_{2.5}$: Basic Information},
url = {http://www.epa.gov/pmdesignations/basicinfo.htm},
year = {2012},
}

@article{faa_AEDT,
author = {{U.S. FAA}},
title = {Aviation Environmental Design Tool},
url = "https://aedt.faa.gov",
}

@article{pope2002pm25,
author = {Pope III C and Burnett RT and Thun MJ and et al},
title = {LUng cancer, cardiopulmonary mortality, and long-term exposure to fine
particulate air pollution},
journal = {JAMA},
volume = {287},
number = {9},
pages = {1132-1141},
year = {2002},
doi = {10.1001/jama.287.9.1132},
URL = {http://dx.doi.org/10.1001/jama.287.9.1132},
eprint = {/data/Journals/JAMA/4822/JOC11435.pdf}
}
@article{dominici2002air,
  title={Air pollution and mortality: estimating regional and national dose-response relationships},
  author={Dominici, Francesca and Daniels, Michael and Zeger, Scott L and Samet, Jonathan M},
  journal={Journal of the American Statistical Association},
  volume={97},
  number={457},
  pages={100--111},
  year={2002},
  publisher={American Statistical Association}
}
@article{schwartz2002concentration,
  title={The concentration-response relation between \pmt~and daily deaths.},
  author={Schwartz, Joel and Laden, Francine and Zanobetti, Antonella},
  journal={Environmental health perspectives},
  volume={110},
  number={10},
  pages={1025},
  year={2002},
  publisher={National Institute of Environmental Health Science}
}

@article{ortman2009united,
  title={United States population projections: 2000 to 2050},
  author={Ortman, Jennifer M and Guarneri, Christine E},
  journal={United States Census Bureau},
  year={2009}
}

@inproceedings{morris2004development,
  title={Development and application of the {CAMx} regional one-atmosphere model to treat ozone, particulate matter, visibility, air toxics and mercury},
  author={Morris, Ralph E and Yarwood, Greg and Emery, Christopher A and Koo, Bonyoung},
  booktitle={97th Annual Conference and Exhibition of the A\&WMA, Indianapolis, IN, USA},
  volume={25},
  year={2004}
}

@book{byun1999science,
  title={Science algorithms of the EPA Models-3 community multiscale air quality (CMAQ) modeling system},
  author={Byun, Daewon W and Ching, JKS},
  year={1999},
  publisher={US Environmental Protection Agency, Office of Research and Development Washington, DC, USA}
}

@article{lave1973analysis,
  title={An analysis of the association between US mortality and air pollution},
  author={Lave, Lester B and Seskin, Eugene P},
  journal={Journal of the American Statistical Association},
  volume={68},
  number={342},
  pages={284--290},
  year={1973},
  publisher={Taylor \& Francis Group}
}

@article{sixcitiesdockery1993association,
  title={An association between air pollution and mortality in six {U.S.} cities},
  author={Dockery, Douglas W and Pope, C Arden and Xu, Xiping and Spengler, John D and Ware, James H and Fay, Martha E and Ferris Jr, Benjamin G and Speizer, Frank E},
  journal={New England Journal of Medicine},
  volume={329},
  number={24},
  pages={1753--1759},
  year={1993},
  publisher={Mass Medical Soc}
}

@article{census2008,
author = {{U.S. Census Bureau}},
title = {Census Block Data},
year = {2008}
}


@book{national1994science,
  title={Science and Judgement in Risk Assessment},
  author={{National Research Council (U.S.). Committee on Risk Assessment of Hazardous Air Pollutants}},
  isbn={9781560325895},
  lccn={96011349},
  year={1994},
  publisher={Taylor \& Francis Group}
}
@article{EPA2008paradigm,
author = {{U.S. EPA}},
title = {{T}echnology {T}ransfer {N}etwork Air Toxics Web Site: The {NRC} Risk Assessment Paradigm},
year = {2008},
URL = {http://www.epa.gov/ttnatw01/toxsource/paradigm.html},

}

@misc{faa2010,
author = {{U.S. FAA}},
title = {{FAA} Aerospace Forecast Fiscal years 2010--2030},
year = {2010},
url = "http://www.faa.gov/data\_research/aviation/aerospace\_forecasts/2010-2030/media/2010\%20Forecast\%20Doc.pdf"
}
@article{ntsb2012,
author = {{U.S. NTSB}},
title = {Accidents, fatalities, and rates, 1992--2011},
year = {2012},
url = "http://www.ntsb.gov/data/aviation\_stats.html"
}


@article{levy2012current,
  title={Current and Future Particulate-Matter-Related Mortality Risks in the {United States} from Aviation Emissions During Landing and Takeoff},
  author={Levy, Jonathan I and Woody, Matthew and Baek, Bok Haeng and Shankar, Uma and Arunachalam, Saravanan},
  journal={Risk Analysis},
  volume={32},
  number={2},
  pages={237--249},
  year={2012},
  publisher={Wiley Online Library}
}

@book{krewski2009extended,
  title={Extended follow-up and spatial analysis of the American Cancer Society study linking particulate air pollution and mortality},
  author={Krewski, Daniel and Jerrett, Michael and Burnett, Richard T and Ma, Renjun and Hughes, Edward and Shi, Yuanli and Turner, Michelle C and Pope III, C Arden and Thurston, George and Calle, Eugenia E},
  number={140},
  year={2009},
  publisher={Health Effects Institute Boston, MA}
}

@book{McM04,
author = {McMurry, PH and Shepherd, MF and Vickery, S },
address = {Cambridge, UK},
title = {Particulate Matter Science for Policy Makers},
year = {2004},
publisher = {Cambridge University Press}
}
@article{Woo11,
author = {Woody, Matthew and Baek, Bok Haeng and Adelman, Zachariah and Omary, Mohammed and Lam, Yun Fat and West, J Jason and Arunachalam, Saravanan },
title = {An assessment of Aviation's contribution to current and future fine particulate matter in the {United States}},
journal = {Atmospheric Environment},
year = {2011},
volume = {45},
pages = {3424-3433}
}
@techreport{CSS09,
title = {{I}nvestigation of Aviation Emissions for Future Aviation Activity Scenario},
author = {JPDO/NextGen},
year = {2009}
}
@article{Zha12,
author = {Zhang, W and Capps, SL and Hu, Y and Nenes, A and Napelenok, SL and Russell, AG },
title = {Development of the high-order decoupled direct method in three dimensions for particulate matter: enabling advanced sensitivity analysis in air quality models},
journal = {Geoscientific Model Development},
year = {2012},
volume = {5},
pages = {255-268}
}
@article{martin2009national,
  title={National vital statistics reports},
  author={Martin, Joyce A and Hamilton, Brady E and Sutton, Paul D and Ventura, Stephanie J and Menacker, Fay and Kirmeyer, Sharon and Mathews, TJ},
  journal={National Vital Statistics Reports},
  volume={57},
  number={7},
  pages={1--102},
  year={2009}
}
@book{Jac05,
author = {Jacobson, Mark Z},
address = {Cambridge},
title = {Fundamentals of Atmospheric Modeling},
year = {2005},
publisher = {Cambridge University Press},
edition = {2}
}
@inproceedings{Cap09,
author = {Capps, Shannon and Russell, Armistead and Nenes, Athanasios },
address = {Chapel Hill, NC},
title = {Developing the Adjoint of ISORROPIA to Equip CMAQ-ADJ},
year = {2009}
}
@article{Koo07,
author = {Koo, Bonyoung and Dunker, Alan and Yarwood, Greg },
title = {Implementing the Decoupled Direct Method for Sensitivity Analysis in a Particulate Matter Air Quality Model},
journal = {Environmental Science and Technology},
year = {2007},
volume = {41},
pages = {2847-2854}
}
@article{Nen98,
author = {Nenes, A and Pandis, SN and Pilinis, C },
title = {ISORROPIA: A new thermodynamic equilibrium model for multiphase multicomponent inorganic aerosols},
journal = {Aquatic Geochemistry},
year = {1998},
volume = {4},
pages = {123--152}
}
@article{Nen981,
author = {Nenes, A and Pilinis, C and Pandis, SN },
title = {Continued Development and Testing of a New Thermodynamic Aerosol Module for Urban and Regional Air Quality Models},
journal = {Atmospheric Environment},
year = {1998},
volume = {33},
pages = {1553--1560}
}
@article{Dun84,
author = {Dunker, Alan M},
title = {The decoupled direct method for calculating sensitivity coefficients in chemical kinetics},
journal = {Journal of Chemical Physics},
year = {1984},
volume = {81},
pages = {2385--2393}
}
@article{Sch73,
author = {Schaibly, JH and Shuler, KE },
title = {Study of the Sensitivity of Coupled Reaction Systems to Uncertainties in Rate Coefficients},
journal = {Journal of Chemical Physics},
year = {1973},
volume = {59},
pages = {3879--3888}
}
@book{Pre07,
author = {Press, WH and Teukolsky, SA and Vetterling, WT and Flanery, BP },
address = {New York},
title = {Numerical Recipes: The Art of Scientific Computing},
year = {2007},
publisher = {Cambridge University Press},
edition = {3}
}
@techreport{Nap10,
author = {Napelenok, Sergey and Cohan, Daniel },
title = {CMAQ-DDM-3D User's Guide},
year = {2010}
}
@article{Hak03,
author = {Hakami, Amir and Odman, M Talat and Russell, Armistead G },
title = {High-Order, Direct Sensitivity Analysis of Multidimensional Air Quality Models},
journal = {Environmental Science and Techonology},
year = {2003},
volume = {37},
pages = {2442--2452}
}
@article{Koo091,
author = {Koo, B and Wilson, G and Morris, R and Dunker, A and Yarwood, G },
title = {Comparison of Source Apportionment and Sensitivity Analysis in a Particulate Matter Air Quality Model},
journal = {Environmental Science and Techonology},
year = {2009},
volume = {43},
pages = {6669--6675}
}
@article{Wes99,
author = {West, JJ and Ansari, AS and Pandis, SN },
title = {Marginal PM25: Nonlinear Aerosol Mass Response to Sulfate Reductions in the Eastern United States},
journal = {Journal of the Air & Waste Management Association},
year = {1999},
volume = {49},
pages = {1415--1424}
}
@inproceedings{Coh04,
author = {Cohan, Daniel },
address = {Chapel Hill, NC},
title = {APPLICABILITY OF CMAQ-DDM TO SOURCE APPORTIONMENT},
year = {2004}
}
@book{Box87,
author = {Box, George EP and Draper, Norman R},
address = {Hoboken, New Jersey},
title = {Empirical Model-Building and Response Surfaces},
year = {1987},
publisher = {Wiley},
edition = {1}
}
@misc{USE06,
author = {{U.S. EPA}},
title = {Technical Support Document for the Proposed PM NAAQS Rule---Response Surface Modeling},
year = {2006}
}

@misc{epa1999,
author = {{U.S. EPA}},
title = {The Benefits and Costs of the {Clean Air Act}, 1990 to 2010},
year = {1999},
note = {{EPA} Report to Congress},
}


@MastersThesis{Mas08,
author = {Tudor Masek},
title = {A Response Surface Model of the Air Quality Impacts of Aviation},
school = {Massachusetts Institute of Technology},
year = {2008}
}

@article{Xin11,
author = {Xing, J and SX, Wang and Jang, Carey and Zhu, Y and Hao, JM },
title = {Nonlinear response of ozone to precursor emission changes in {C}hina: a modeling study using response surface methodology},
journal = {Atmospheric Chemistry and Physics},
year = {2011},
volume = {11},
pages = {5027--5044}
}
@article{DuQ99,
author = {Du, Qiang and Faber, Vance and Gunzburger, Max },
title = {Centroidal Voronoi Tessellations: Applications and Algorithms},
journal = {SIAM Review},
year = {1999},
volume = {41},
pages = {637--676}
}
@article{Joh60,
author = {Hammersley, John M},
title = {Monte Carlo methods for solving multivariable problems},
journal = {Proceedings of the New York Acadamy of Science},
year = {1960},
volume = {86},
pages = {844-874}
}
@misc{Wan10,
author = {Wang, Q and Barett, S and Waitz, I and Arunachalam, S },
title = {Development of an adjoint–based policy assessment tool for aviation air-quality impacts},
year = {2010}
}
@article{Err97,
author = {Errico, Ronald M},
title = {What Is an Adjoint Model?},
journal = {Bulletin of the American Meteorlogical Society},
year = {1997},
month = {1997},
volume = {78},
pages = {2577-2591}
}
@misc{Koo09,
author = {Koo, Jamin },
title = {Adjoint Sensitivity Analysis of the Intercontinental Impacts of Aviation Emissions of Air Quality and Health},
year = {2009}
}
@article{Hak07,
author = {Hakami, Amir and Henze, Daven K and Seinfeld, John H and Singh, Kumaresh and Sandu, Adrian and Kim, Soontae and Byun, Daewon and Li, Qinbin },
title = {The Adjoint of CMAQ},
journal = {Envronmental Science and Technology},
year = {2007},
volume = {41},
pages = {7807-7817}
}
@article{Sch96,
author = {Schauer, James and Rogge, Wolfgang and Hildemann, Lynn and Mazurek, Monica and Cass, Glen and Simoneit, Bernd },
title = {Source Apportionment of Airborne Particulate Matter Using Organic Compounds as Tracers},
journal = {Atmospheric Environment},
year = {1996},
volume = {30},
pages = {3837-3855}
}
@inproceedings{Fol12,
author = {Foley, Kristen and Napelenok, Sergey and Phillips, Sharon and Jang, Carey },
address = {Chapel Hill, NC},
title = {Development and Evaluation of Two Reduced Form Versions of the {CMAQ} Modeling System},
journal = {{CMAS}},
year = {2012}
}
@misc{Kev01,
author = {McCarthy, Kevin F},
title = {World Population Shifts: Boom or Doom?},
year = {2001},
publisher = {RAND Corporation}
}
@article{Bey01,
author = {Bey, I and Jacob, DJ and Yantosca, JA and Logan, JA and Field, B and Fiore, AM and Li, Q and Liu, H and Mickley, LJ and Schultz, M },
title = {Global modeling of tropospheric chemistry with assimilated meteorology: Model description and evaluation},
journal = {Journal of Geophysics Research},
year = {2001},
volume = {106},
pages = {23073-23096}
}
@article{Hen07,
author = {Henze, DK and Hakami, A and Seinfeld, JH },
title = {Development of the adjoint of GEOS-Chem},
journal = {Atmospheric Chemistry and Physics},
year = {2007},
volume = {7},
pages = {2413– 2433}
}
@article{Bar10,
author = {Barrett, SRH and Britter, RE and Waitz, IA },
title = {Global Mortality Attributable to Aircraft Cruise Emissions},
journal = {Environmental Science and Technology},
year = {2010},
volume = {44},
pages = {7736-7742}
}
@article{Nap08,
author = {Napelenok, SL and Pinder, RW and Gilliland, AB and Martin, RV },
title = {A method for evaluating spatially-resolved NOx emissions using Kalman ﬁlter inversion, direct sensitivities, and space-based NO2 observations},
journal = {Atmospheric Chemistry and Physics},
year = {2008},
volume = {8},
pages = {5603-5614}
}
@article{Cap12,
author = {Capps, SL and Henze, DK and Hakami, A and Russell, AG and Nenes, A },
title = {ANISORROPIA: The Adjoint of the Aerosol Thermodynamic Model ISORROPIA},
journal = {Atmospheric Chemistry and Physics},
year = {2012},
volume = {12},
pages = {527-543}
}
@misc{Uni07,
title = {Guidence on the Use of Models and Other Analyses for Demonstrating Attainment of Air Quality Goals for Ozone,PM2.5, and Regional Haze.},
year = {2007}
}
@article{Lev12,
author = {Levy, JI and Woody, M and Baek, BH and Shankar, U and Arunachalam, S },
title = {Current and Future Particulate-Matter-Related Mortality Risks in the {United States} from Aviation Emissions During Landing and Takeoff},
journal = {Risk Analysis},
year = {2012},
volume = {32},
pages = {237-249}
}
@misc{Fed12,
author = {{U.S. FAA}},
title = {Destination 2025},
year = {2012}
}
@inproceedings{Jan12,
author = {Jang, C },
address = {CMAS Conference, Chapel Hill, NC},
title = {Applications and Evaluations of Response Surface Model ({RSM}) Using {CMAQ} in the {United States and Asia}},
year = {2012}
}
@article{Aru11,
author = {Arunachalam, S and Wang, B and Davis, N and Baek, BH and Levy, JI },
title = {Effect of chemistry-transport model scale and resolution on population exposure to PM2.5 from aircraft emissions during landing and takeoff},
journal = {Atmospheric Environment},
year = {2011},
volume = {45},
pages = {3294-3300}
}
@article{DeN2010BEMNC,
author = {De Nazelle, Audrey and Arunachalam, Saravanan and Serre, Marc },
title = {Bayesian Maximum Entropy Integration of Ozone Observations and Model Predictions: An Application for Attainment Demonstration in North Carolina},
journal = {Environmental Science and Technology},
year = {2010},
volume = {44},
pages = {5707}
}

@article{li2010burden,
  title={Burden of disease attributed to anthropogenic air pollution in the {United Arab Emirates}: {E}stimates based on observed air quality data},
  author={Li, Ying and Gibson, Jacqueline MacDonald and Jat, Prahlad and Puggioni, Gavino and Hasan, Mejs and West, J Jason and Vizuete, William and Sexton, Kenneth and Serre, Marc},
  journal={Science of the Total Environment},
  volume={408},
  number={23},
  pages={5784--5793},
  year={2010},
  publisher={Elsevier}
}

@article{airplanes2005current,
  title={Current Market Outlook 2005},
  author={{Boeing Commercial Airplanes}},
  journal={World demand for commercial airplanes, Market Analysis}
  year={2005}
}
@article{Bar12desulfjetfuel,
author = {Barrett, SR and Yim, SH and Gilmore, CK and Murray, LT and Kuhn, SR and Tai, APK and Yantosca, RM and Byun, DW and Ngan, F and Li, X and Levy, JI and Ashok, A and Koo, J and Wong, HM and Dessens, O and Balasubramanian, S and Fleming, GG and Pearlson, MN and Wollersheim, C and Malina, R and Arunachalam, S and Binkowski, FS and Leibensperger, EM and Jacob, DJ and Hileman, JI and Waitz, IA },
title = {Public Health, Climate, and Economic Impacts of Desulfurizing Jet Fuel},
journal = {Environmental Science and Technology},
year = {2012},
volume = {46},
pages = {4275-4282}
}



@PhdThesis{Nap06sens,
author = {Napelenok, Sergey L},
title = {Sensitivity Analysis in Air Quality Models for Particulate Matter},
school = {Georgia Institute of Technology},
year = {2006},

}

@article{Bru2012Avimpact,
author = {Brunelle-Yeung, Elza and Masek, Tudor and Rojo, Julien J and Levy, Jonathan I and Arunachalam, Saravanan and Miller, Sondra M and Barrett, Steve RH and Kuhn, Stephen R and Waitz, Ian A},
title = {Methods for Assessing the Impact of Aviation Environmental Policies on Public Health},
journal = {Transportation Policy (in press)},
year = {2012}
}

@book{kammen2001should,
  title={Should We Risk It?: Exploring Environmental, Health, and Technological Problem Solving},
  author={Kammen, D.M. and Hassenzahel, D.M.},
  isbn={9780691074573},
  lccn={98049393},
  year={2001},
  publisher={Princeton University Press}
}

